@misc{MongoDB,
    title = {MongoDB},
    url={https://www.mongodb.com/}
}

@Manual{Python,
 author = {Python Core Team},
 title = {Python: A dynamic, open source programming language},
 year = {2015},
 organization = {Python Software Foundation},
 url={https://www.python.org/.}
} 

@misc{kaggleAirports,
    title = {IATA Airport Codes, IATA Airport Codes and 3 letter code},
    url = {https://www.kaggle.com/zinovadr/iata-airport-code},
}

@misc{kaggleAirlines,
    title = {Airline Database,A database of over 5000 airlines},
    url = {https://www.kaggle.com/open-flights/airline-database#__sid=js0},
}

@misc{BTS,
  Author= {{Bureau of Transportation Statistics}},
  Howpublished = {\url{http://www.bts.gov/}},
  Publisher = {{U.S. Department of Transportation}}
}
  
@misc{ACI,
  Author= {Airports Council International - NorthAmerica},
  Howpublished = {\url{https://airportscouncil.org/}}
}

@misc{PyMongoLib,
  title={PyMongo},
  author={Bernie Hackett},
  url = {https://pypi.org/project/pymongo/}

} 

@misc{TableauSoftware,
  title={Tableau Software},
  author={Salesforce},
  url = {https://www.tableau.com/}

} 

@misc{StackOverflow,
  title={Stack Overflow},
  author={Stack Exchange, Inc.},
  url = {https://stackoverflow.com/}
} 

@Manual{R,
title = {R: A Language and Environment for Statistical Computing},
author = {{R Core Team}},
organization = {R Foundation for Statistical Computing},
address = {Vienna, Austria},
year = {2020},
url = {https://www.R-project.org/},
}

@article{incendiUSA,
 title = {Airline Flight Delays Got Worse in 2019. Here’s a Scorecard.},
 url = {https://www.nytimes.com/2020/02/19/business/air-travel-delays-airlines.html},
 journal = {The New York Times},
 author = {Niraj Chokshi},
 year = 2020
}

@misc{periodiincendiUSA,
 title = {2020 North American Wildfire Season.},
 url = {https://disasterphilanthropy.org/disaster/2020-california-wildfires/},
 author = {Center for Disaster Philanthropy},
}

@misc{freddoanomaloUSA19,
 title = {January–February 2019 North American cold wave.},
 url = {https://en.wikipedia.org/wiki/January-February_2019_North_American_cold_wave},
 author = {Wikipedia},
}

@misc{confrontoincendi1819usa,
 title = {Facts + Statistics: Wildfires.},
 url = {https://www.iii.org/fact-statistic/facts-statistics-wildfires},
 author = {Insurance information institute},
}


